@article{rios2022detection,
  title={Detection and Mitigation of Low-Rate Denial-of-Service Attacks: A Survey},
  author={Rios, Vin{\'\i}cius De Miranda and In{\'a}cio, Pedro RM and Magoni, Damien and Freire, M{\'a}rio M},
  journal={IEEE Access},
  volume={10},
  pages={76648--76668},
  year={2022},
  publisher={IEEE}
}

@article{cheema2022prevention,
  title={Prevention Techniques against Distributed Denial of Service Attacks in Heterogeneous Networks: A Systematic Review},
  author={Cheema, Ammarah and Tariq, Moeenuddin and Hafiz, Adnan and Khan, Muhammad Murad and Ahmad, Fahad and Anwar, Muhammad},
  journal={Security and Communication Networks},
  volume={2022},
  year={2022},
  publisher={Hindawi}
}

@article{verma2022detailed,
  title={A detailed survey of denial of service for IoT and multimedia systems: Past, present and futuristic development},
  author={Verma, Amandeep and Saha, Rahul and Kumar, Neeraj and Kumar, Gulshan and others},
  journal={Multimedia Tools and Applications},
  pages={1--66},
  year={2022},
  publisher={Springer}
}

@article{shah2022blockchain,
  title={Blockchain Based Solutions to Mitigate Distributed Denial of Service (DDoS) Attacks in the Internet of Things (IoT): A Survey},
  author={Shah, Zawar and Ullah, Imdad and Li, Huiling and Levula, Andrew and Khurshid, Khawar},
  journal={Sensors},
  volume={22},
  number={3},
  pages={1094},
  year={2022},
  publisher={MDPI}
}

@article{nguyen2022moving,
  title={Moving Target Defense-Based Denial-of-Service Mitigation in Cloud Environments: A Survey},
  author={Nguyen, Minh and Debroy, Saptarshi},
  journal={Security and Communication Networks},
  volume={2022},
  year={2022},
  publisher={Hindawi}
}

@incollection{rajathi2022survey,
  title={A Survey on Distributed Denial of Service Attack Detection},
  author={Rajathi, C and Rukmani, P},
  booktitle={Security and Privacy-Preserving Techniques in Wireless Robotics},
  pages={117--132},
  year={2022},
  publisher={CRC Press}
}

@article{malliga2022comprehensive,
  title={A Comprehensive Review of Deep Learning Techniques for the Detection of (Distributed) Denial of Service Attacks},
  author={Malliga, Subramaniam and Nandhini, PS and Kogilavani, Shanmuga Vadivel},
  journal={Information Technology and Control},
  volume={51},
  number={1},
  pages={180--215},
  year={2022}
}

@article{jassem2022survey,
  title={Survey on distributed denial of service attack detection using deep learning: A review},
  author={Jassem, Manal Dawood and Abdulrahman, Amer Abdulmajeed},
  journal={International Journal of Nonlinear Analysis and Applications},
  year={2022},
  publisher={Semnan University}
}

@article{tripathi2021application,
  title={Application layer denial-of-service attacks and defense mechanisms: a survey},
  author={Tripathi, Nikhil and Hubballi, Neminath},
  journal={ACM Computing Surveys (CSUR)},
  volume={54},
  number={4},
  pages={1--33},
  year={2021},
  publisher={ACM New York, NY, USA}
}

@article{wani2021distributed,
  title={Distributed denial of service (DDoS) mitigation using blockchainâ€”A comprehensive insight},
  author={Wani, Sharyar and Imthiyas, Mohammed and Almohamedh, Hamad and Alhamed, Khalid M and Almotairi, Sultan and Gulzar, Yonis},
  journal={Symmetry},
  volume={13},
  number={2},
  pages={227},
  year={2021},
  publisher={MDPI}
}

@article{ismail2021review,
  title={A review of amplification-based distributed denial of service attacks and their mitigation},
  author={Ismail, Salih and Hassen, Hani Ragab and Just, Mike and Zantout, Hind},
  journal={Computers \& Security},
  volume={109},
  pages={102380},
  year={2021},
  publisher={Elsevier}
}

@article{thangavel2021denial,
  title={Denial of Service (DoS) Attacks Over Cloud Environment: A Literature Survey},
  author={Thangavel, M and Nithya, S and Sindhuja, R},
  journal={Research Anthology on Combating Denial-of-Service Attacks},
  pages={491--521},
  year={2021},
  publisher={IGI Global}
}

@article{rahamathullaha2021distributed,
  title={Distributed denial of service attacks prevention, detection and mitigation--A review},
  author={Rahamathullaha, U and Karthikeyanb, E},
  year={2021}
}

@article{velliangiri2021detection,
  title={Detection of distributed denial of service attack in cloud computing using the optimization-based deep networks},
  author={Velliangiri, S and Karthikeyan, P and Vinoth Kumar, V},
  journal={Journal of Experimental \& Theoretical Artificial Intelligence},
  volume={33},
  number={3},
  pages={405--424},
  year={2021},
  publisher={Taylor \& Francis}
}

@article{salim2020distributed,
  title={Distributed denial of service attacks and its defenses in IoT: a survey},
  author={Salim, Mikail Mohammed and Rathore, Shailendra and Park, Jong Hyuk},
  journal={The Journal of Supercomputing},
  volume={76},
  number={7},
  pages={5320--5363},
  year={2020},
  publisher={Springer}
}

@article{huseinovic2020survey,
  title={A survey of denial-of-service attacks and solutions in the smart grid},
  author={Huseinovi{\'c}, Alvin and Mrdovi{\'c}, Sa{\v{s}}a and Bicakci, Kemal and Uludag, Suleyman},
  journal={IEEE Access},
  volume={8},
  pages={177447--177470},
  year={2020},
  publisher={IEEE}
}

@article{singh2020utilization,
  title={Utilization of blockchain for mitigating the distributed denial of service attacks},
  author={Singh, Rajeev and Tanwar, Sudeep and Sharma, Teek Parval},
  journal={Security and Privacy},
  volume={3},
  number={3},
  pages={e96},
  year={2020},
  publisher={Wiley Online Library}
}

@article{aladaileh2020detection,
  title={Detection techniques of distributed denial of service attacks on software-defined networking controller--a review},
  author={Aladaileh, Mohammad A and Anbar, Mohammed and Hasbullah, Iznan H and Chong, Yung-Wey and Sanjalawe, Yousef K},
  journal={IEEE Access},
  volume={8},
  pages={143985--143995},
  year={2020},
  publisher={IEEE}
}

@article{odusami2020survey,
  title={A survey and meta-analysis of application-layer distributed denial-of-service attack},
  author={Odusami, Modupe and Misra, Sanjay and Abayomi-Alli, Olusola and Abayomi-Alli, Adebayo and Fernandez-Sanz, Luis},
  journal={International Journal of Communication Systems},
  volume={33},
  number={18},
  pages={e4603},
  year={2020},
  publisher={Wiley Online Library}
}

@article{tandon2020survey,
  title={A survey of distributed denial of service attacks and defenses},
  author={Tandon, Rajat},
  journal={arXiv preprint arXiv:2008.01345},
  year={2020}
}

@article{khatkar2020overview,
  title={An overview of distributed denial of service and internet of things in healthcare devices},
  author={Khatkar, Monika and Kumar, Kaushal and Kumar, Brijesh},
  journal={2020 Research, Innovation, Knowledge Management and Technology Application for Business Sustainability (INBUSH)},
  pages={44--48},
  year={2020},
  publisher={IEEE}
}

@article{paharia2020comprehensive,
  title={A comprehensive review of distributed denial of service (DDoS) attacks in fog computing environment},
  author={Paharia, Bhumika and Bhushan, Kriti},
  journal={Handbook of computer networks and cyber security},
  pages={493--524},
  year={2020},
  publisher={Springer}
}

@article{machaka2020data,
  title={Data mining techniques for distributed denial of service attacks detection in the internet of things: A research survey},
  author={Machaka, Pheeha and Nelwamondo, Fulufhelo},
  journal={Securing the Internet of Things: Concepts, Methodologies, Tools, and Applications},
  pages={561--608},
  year={2020},
  publisher={IGI Global}
}

@article{zhijun2020low,
  title={Low-rate DoS attacks, detection, defense, and challenges: A survey},
  author={Zhijun, Wu and Wenjing, Li and Liang, Liu and Meng, Yue},
  journal={IEEE access},
  volume={8},
  pages={43920--43943},
  year={2020},
  publisher={IEEE}
}

@article{dong2019survey,
  title={A survey on distributed denial of service (DDoS) attacks in SDN and cloud computing environments},
  author={Dong, Shi and Abbas, Khushnood and Jain, Raj},
  journal={IEEE Access},
  volume={7},
  pages={80813--80828},
  year={2019},
  publisher={IEEE}
}

@article{kaur2019distributed,
  title={Distributed denial of service attacks: a threat or challenge},
  author={Kaur Chahal, Jasmeen and Bhandari, Abhinav and Behal, Sunny},
  journal={New Review of Information Networking},
  volume={24},
  number={1},
  pages={31--103},
  year={2019},
  publisher={Taylor \& Francis}
}

@incollection{srihari2019survey,
  title={A survey of distributed denial-of-service (DDoS) defense techniques in ISP domains},
  author={Srihari Rao, N and Chandra Sekharaiah, K and Ananda Rao, A},
  booktitle={Innovations in Computer Science and Engineering},
  pages={221--230},
  year={2019},
  publisher={Springer}
}

@incollection{rai2019retracted,
  title={RETRACTED CHAPTER: A Survey on Detection and Mitigation of Distributed Denial-of-Service Attack in Named Data Networking},
  author={Rai, Sandesh and Sharma, Kalpana and Dhakal, Dependra},
  booktitle={Advances in communication, cloud, and big data},
  pages={163--163},
  year={2019},
  publisher={Springer}
}

@inproceedings{philo2019detection,
  title={Detection of Distributed Denial of Service Attack Using NSL-KDD Dataset-A Survey},
  author={Philo Prasanna, I and Suguna, M},
  booktitle={International conference on Computer Networks, Big data and IoT},
  pages={866--875},
  year={2019},
  organization={Springer}
}

@inproceedings{sharafaldin2019developing,
  title={Developing realistic distributed denial of service (DDoS) attack dataset and taxonomy},
  author={Sharafaldin, Iman and Lashkari, Arash Habibi and Hakak, Saqib and Ghorbani, Ali A},
  booktitle={2019 International Carnahan Conference on Security Technology (ICCST)},
  pages={1--8},
  year={2019},
  organization={IEEE}
}

@inproceedings{vishnu2019denial,
  title={Denial of service: types, techniques, defence mechanisms and safe guards},
  author={Vishnu, NS and Batth, Ranbir Singh and Singh, Gursharan},
  booktitle={2019 International Conference on Computational Intelligence and Knowledge Economy (ICCIKE)},
  pages={695--700},
  year={2019},
  organization={IEEE}
}

@article{manavi2018defense,
  title={Defense mechanisms against distributed denial of service attacks: A survey},
  author={Manavi, Mousa Taghizadeh},
  journal={Computers \& Electrical Engineering},
  volume={72},
  pages={26--38},
  year={2018},
  publisher={Elsevier}
}

@article{khairi2018review,
  title={A review of anomaly detection techniques and distributed denial of service (DDoS) on software defined network (SDN)},
  author={Khairi, Mutaz HH and Ariffin, Sharifah HS and Latiff, NM Abdul and Abdullah, AS and Hassan, MK},
  journal={Engineering, Technology \& Applied Science Research},
  volume={8},
  number={2},
  pages={2724--2730},
  year={2018}
}

@article{fajar2018survey,
  title={A survey paper of distributed denial-of-service attack in software defined networking (SDN)},
  author={Fajar, Andry Putra and Purboyo, Tito Waluyo},
  journal={International Journal of Applied Engineering Research},
  volume={13},
  number={1},
  pages={476--482},
  year={2018}
}

@article{zeebaree2018application,
  title={Application layer distributed denial of service attacks defense techniques: a review},
  author={Zeebaree, Subhi RM and Sharif, Karzan H and Amin, Roshna M Mohammed},
  journal={Academic Journal of Nawroz University},
  volume={7},
  number={4},
  pages={113--117},
  year={2018}
}

@article{zare2018techniques,
  title={Techniques for detecting and preventing denial of service attacks (a systematic review approach)},
  author={Zare, Hossein and Azadi, Mojgan and Olsen, Peter},
  journal={Information Technology-New Generations},
  pages={151--157},
  year={2018},
  publisher={Springer}
}

@article{durrani2018detection,
  title={Detection of Denial of Service (DoS) Attack in Vehicular Ad Hoc Networks: A Systematic Literature Review.},
  author={Durrani, Amman and Latif, Seemab and Latif, Rabia and Abbas, Haider},
  journal={Adhoc \& Sensor Wireless Networks},
  volume={42},
  year={2018}
}

@article{osanaiye2018denial,
  title={Denial of service defence for resource availability in wireless sensor networks},
  author={Osanaiye, Opeyemi A and Alfa, Attahiru S and Hancke, Gerhard P},
  journal={IEEE Access},
  volume={6},
  pages={6975--7004},
  year={2018},
  publisher={IEEE}
}

@inproceedings{saif2018review,
  title={A review of recently emerging denial of service threats and defences in the transport layer},
  author={Saif, Darius and Cormier, Alexandre and Banik, Suranjit and Matrawy, Ashraf},
  booktitle={2018 IEEE Canadian Conference on Electrical \& Computer Engineering (CCECE)},
  pages={1--5},
  year={2018},
  organization={IEEE}
}

@article{mahjabin2017survey,
  title={A survey of distributed denial-of-service attack, prevention, and mitigation techniques},
  author={Mahjabin, Tasnuva and Xiao, Yang and Sun, Guang and Jiang, Wangdong},
  journal={International Journal of Distributed Sensor Networks},
  volume={13},
  number={12},
  pages={1550147717741463},
  year={2017},
  publisher={SAGE Publications Sage UK: London, England}
}

@article{bonguet2017survey,
  title={A survey of denial-of-service and distributed denial of service attacks and defenses in cloud computing},
  author={Bonguet, Adrien and Bellaiche, Martine},
  journal={Future Internet},
  volume={9},
  number={3},
  pages={43},
  year={2017},
  publisher={MDPI}
}

@article{kaur2017review,
  title={A review of detection approaches for distributed denial of service attacks},
  author={Kaur, Parneet and Kumar, Manish and Bhandari, Abhinav},
  journal={Systems Science \& Control Engineering},
  volume={5},
  number={1},
  pages={301--320},
  year={2017},
  publisher={Taylor \& Francis}
}

@article{agrawal2017defense,
  title={Defense schemes for variants of distributed denial-of-service (DDoS) attacks in cloud computing: A survey},
  author={Agrawal, Neha and Tapaswi, Shashikala},
  journal={Information Security Journal: A Global Perspective},
  volume={26},
  number={2},
  pages={61--73},
  year={2017},
  publisher={Taylor \& Francis}
}

@inproceedings{singh2017denial,
  title={Denial of service attack in wireless data network: A survey},
  author={Singh, Rahul Sourav and Prasad, Ajay and Moven, Roselina Maria and Sarma, Hiren Kumar Deva},
  booktitle={2017 Devices for Integrated Circuit (DevIC)},
  pages={354--359},
  year={2017},
  organization={IEEE}
}

@inproceedings{divyasree2017defeating,
  title={Defeating the distributed denial of service attack in cloud environment: A survey},
  author={Divyasree, IR and Selvamani, K},
  booktitle={2017 International Conference on Circuit, Power and Computing Technologies (ICCPCT)},
  pages={1--8},
  year={2017},
  organization={IEEE}
}

@article{alosaimi2017mitigation,
  title={Mitigation of distributed denial of service attacks in the cloud},
  author={Alosaimi, Wael and Zak, Michal and Al-Begain, Khalid and Alroobaea, Roobaea and Masud, Mehedi},
  journal={Cybernetics and Information Technologies},
  volume={17},
  number={4},
  pages={32--51},
  year={2017}
}

@inproceedings{aldaej2017information,
  title={Information security and distributed denial of service attacks: a survey},
  author={Aldaej, Abdulaziz},
  booktitle={2017 International Conference on Electrical and Computing Technologies and Applications (ICECTA)},
  pages={1--6},
  year={2017},
  organization={IEEE}
}

@article{sathwara2395distributed,
  title={Distributed Denial of Service (DDoS) Attacks Comparative Impact Analysis and Mitigation Techniques: A Survey},
  author={Sathwara, Snehal and Parekh, Chandresh},
  journal={IJARIIE-ISSN (O)-2395-4396},
  volume={3},
  publisher={Citeseer}
}